<?xml version="1.0" encoding="UTF-8"?><collection xmlns="http://www.loc.gov/MARC21/slim"><record><leader>00508nam--2200121-i-4500</leader><controlfield tag="001">000027485</controlfield><controlfield tag="002">20161230</controlfield><controlfield tag="005">20161230201036</controlfield><controlfield tag="008">060222s1000------------r-----000-0-eng-d</controlfield><datafield ind1=" " ind2=" " tag="080"><subfield code="a">519.683.5</subfield></datafield><datafield ind1=" " ind2=" " tag="245"><subfield code="a">Ibm system 360-dos. macroinstructiuni pentru intrare -iesire al metodei de acces index-secvential. tratete pentru limbajul assembler evoluat. traducere pentru capitolul iv din disk operating system-superviser and 1/0 macros</subfield></datafield><datafield ind1=" " ind2=" " tag="260"><subfield code="a">Bucuresti, Ministerul Muncii, Icop, Cepeca, F. An. 43p</subfield></datafield><datafield ind1=" " ind2=" " tag="852"><subfield code="a">45512</subfield></datafield></record></collection>